@ARTICLE{turhan09,
       title="On the Relative Value of Cross-Company and  Within-Company Data for Defect Prediction",
       author="B. Turhan  and T. Menzies and A. Bener and J. Distefano",
       year={2009},
       journal="Empirical Software Engineering",
       month="November"
}
@Article{Dough95,
    title = "Supervised and Unsupervised Discretization of Continuous Features",
    author = "James Dougherty and Ron Kohavi and Mehran Sahami",
    year = {1995},
    journal = {Morgan Kaufmann}
}

@inproceedings{gay09,
 author = {Greg Gay and Tim Menzies and Bojan Cukic},
 title = {How to build repeatable experiments},
 booktitle = {PROMISE '09: Proceedings of the 5th International Conference on Predictor Models in Software Engineering},
 year = {2009},
 isbn = {978-1-60558-634-2},
 pages = {1--9},
 location = {Vancouver, British Columbia, Canada},
 doi = {http://doi.acm.org/10.1145/1540438.1540460},
 publisher = {ACM},
 address = {New York, NY, USA},
 }

@INPROCEEDINGS{hallLWL,
    author = {Eibe Frank and Mark Hall and Bernhard Pfahringer},
    title = {Locally weighted naive Bayes},
    booktitle = {Proceedings of the Conference on Uncertainty in Artificial Intelligence},
    year = {2003},
    pages = {249--256},
    publisher = {Morgan Kaufmann}
}

@inproceedings{zimmerman09,
       title     = "Cross-project Defect Prediction: A Large Scale Experiment 
                    on Data vs. Domain vs. Process"
       author    = "T. Zimmermann and N. Nagappan and H. Gall and  E. Giger and B.  Murphy" 
       year      = 2003, 
       booktitle = "FSE'09"
}

@INPROCEEDINGS{critique,
    author = {Norman E. Fenton and Martin Neil},
    title = {A Critique of Software Defect Prediction Models},
    booktitle={IEEE Transactions On Software Engineering},
    year = {1999},
    month={October},
    pages = {675--687}
}


@INPROCEEDINGS{missingdata,
    author = {Marvin L., Brown, John F. Kros},
    title = {Data Mining and the Impact Of Missing Data},
    booktitle={Industrial Management & Data Systms},
    isbn={0263-5577},
    year = {2003},
    month={October},
    publisher={MCB UP Ltd},
    pages = {611--621}
}


