@book{Witten99,
  author         = {Witten, I. H. and Frank, E.},
  title          = {Data Mining: Practical Machine Learning Tools and Techniques with Java Implementations},
  publisher      = {Morgan Kaufmann},
  year           = {1999},
}

@inproceedings{Eisenstein04,
  author         = {Jacob Eisenstein and
                    Randall Davis},
  title          = {Visual and linguistic information in gesture classification},
  booktitle      = {ICMI},
  year           = {2004},
  pages          = {113-120}
}


@inproceedings{Yang03,
  author         = {Ying Yang and Geoff Webb},
  title          = {Weighted Proprotional k-Interval Discretization of Naive-Bayes Classifiers},
  booktitle      = {PAKADD'03},
  year           = {2003},
  pages          = {501-512}
}

@book{Larsen01,
  author         = {Richard J. Larsen and Morris L. Marx},
  title          = {An Introduction to Mathematical Statistics and Its Applications, Third Edition},
  publisher      = {Prentice Hall},
  year           = {2001},
}



