@inproceedings{Menzies2008,
 author = {Menzies, Tim and Turhan, Burak and Bener, Ayse and Gay, Gregory and Cukic, Bojan and Jiang, Yue},
 title = {Implications of ceiling effects in defect predictors},
 booktitle = {PROMISE '08: Proceedings of the 4th international workshop on Predictor models in software engineering},
 year = {2008},
 isbn = {978-1-60558-036-4},
 pages = {47--54},
 location = {Leipzig, Germany},
 doi = {http://doi.acm.org/10.1145/1370788.1370801},
 publisher = {ACM},
 address = {New York, NY, USA},
 }

@article{Turhan2009,
 author = {Turhan, Burak and Menzies, Tim and Bener, Ay\c{s}e B. and Di Stefano, Justin},
 title = {On the relative value of cross-company and within-company data for defect prediction},
 journal = {Empirical Softw. Engg.},
 volume = {14},
 number = {5},
 year = {2009},
 issn = {1382-3256},
 pages = {540--578},
 doi = {http://dx.doi.org/10.1007/s10664-008-9103-7},
 publisher = {Kluwer Academic Publishers},
 address = {Hingham, MA, USA},
  }

@inproceedings{Zimmermann2009,
 author = {Zimmermann, Thomas and Nagappan, Nachiappan and Gall, Harald and Giger, Emanuel and Murphy, Brendan},
 title = {Cross-project defect prediction: a large scale experiment on data vs. domain vs. process},
 booktitle = {ESEC/FSE '09: Proceedings of the 7th joint meeting of the European software engineering conference and the ACM SIGSOFT symposium on The foundations of software engineering on European software engineering conference and foundations of software engineering symposium},
 year = {2009},
 isbn = {978-1-60558-001-2},
 pages = {91--100},
 location = {Amsterdam, The Netherlands},
 doi = {http://doi.acm.org/10.1145/1595696.1595713},
 publisher = {ACM},
 address = {New York, NY, USA},
 }
 @article{Holte93,
  author =       "R.C. Holte",
  title =        "Very Simple Classification Rules Perform Well on
                  Most Commonly Used Datasets",
  journal =      "Machine Learning",
  volume =       "11",
  pages =        "63",
  year =         "1993"
}

@inproceedings{Dougherty95,
        title     = "Supervised and Unsupervised Discretization of Continuous Features",
        year      = 1995,
        author    = "James Dougherty and Ron Kohavi and Mehran Sahami",
        booktitle = "International Conference on Machine Learning",
        pages     = "194-202"
}

@inproceedings{Drummond03,
       author    = "C. Drummond and R. C. Holte.",
       title     = "C4.5, class imbalance, and cost sensitivity: why under-sampling
                   beats over-sampling",
       booktitle = "Workshop on Learning from Imbalanced Datasets II",
       year      = 2003
}
@inproceedings{Fayyad93,
  author    = {U M Fayyad and I H Irani},
  title     = {Multi-interval Discretization of Continuous-valued
               Attributes for Classification Learning},
  booktitle = {Proceedings of the Thirteenth International Joint
               Conference on Artificial Intelligence},
  pages     = {1022--1027},
  year      = {1993}
}

@article{Menzies071,
                author="Tim Menzies and Jeremy Greenwald and Art Frank",
                year=2007,
                month="January",
                title="Data Mining Static Code Attributes to Learn Defect Predictors",
                journal="IEEE Transactions on Software Engineering"
}


