@inproceedings{Eisenstein04,
  author         = {Jacob Eisenstein and
                    Randall Davis},
  title          = {Visual and linguistic information in gesture classification},
  booktitle      = {ICMI},
  year           = {2004},
  pages          = {113-120}
}


@inproceedings{Yang03,
  author         = {Ying Yang and Geoff Webb},
  title          = {Weighted Proprotional k-Interval Discretization of Naive-Bayes Classifiers},
  booktitle      = {PAKADD'03},
  year           = {2003},
  pages          = {501-512}
}